<record><leader>00000cas a2200000 a 4500</leader><controlfield tag="001">45051412</controlfield><controlfield tag="008">000921d20002002flucr ne      0    0eng c</controlfield><datafield ind1=" " ind2=" " tag="010"><subfield code="a">   00229096 </subfield></datafield><datafield ind1=" " ind2=" " tag="040"><subfield code="a">FUG</subfield><subfield code="b">eng</subfield><subfield code="c">FUG</subfield><subfield code="d">NYS</subfield><subfield code="d">FUG</subfield><subfield code="d">OCLCQ</subfield><subfield code="d">OCLCF</subfield><subfield code="d">OCLCO</subfield></datafield><datafield ind1="1" ind2=" " tag="029"><subfield code="a">AU@</subfield><subfield code="b">000021892483</subfield></datafield><datafield ind1=" " ind2=" " tag="037"><subfield code="b">The Gator Times Inc., 1636 W. University Ave., Ste. A, Gainesville, Fl 32603</subfield></datafield><datafield ind1=" " ind2=" " tag="042"><subfield code="a">pcc</subfield></datafield><datafield ind1=" " ind2=" " tag="043"><subfield code="a">n-us-fl</subfield></datafield><datafield ind1="1" ind2="4" tag="050"><subfield code="a">LH1.F56</subfield><subfield code="b">O72</subfield></datafield><datafield ind1="0" ind2="4" tag="245"><subfield code="a">The Gator times.</subfield></datafield><datafield ind1=" " ind2=" " tag="260"><subfield code="a">Gainesville, Fla. :</subfield><subfield code="b">Gator Times,</subfield><subfield code="c">2000-</subfield></datafield><datafield ind1=" " ind2=" " tag="300"><subfield code="a">4 v. :</subfield><subfield code="b">ill. (some col.) ;</subfield><subfield code="c">41 cm.</subfield></datafield><datafield ind1=" " ind2=" " tag="310"><subfield code="a">Semiweekly,</subfield><subfield code="b">v. 2-</subfield></datafield><datafield ind1=" " ind2=" " tag="321"><subfield code="a">Weekly,</subfield><subfield code="b">v. 1</subfield></datafield><datafield ind1="0" ind2=" " tag="362"><subfield code="a">Vol. 1, issue 31 (Apr. 12-18, 2000)-</subfield></datafield><datafield ind1="1" ind2=" " tag="362"><subfield code="a">Ceased with July 15, 2002 issue per publisher.</subfield></datafield><datafield ind1=" " ind2=" " tag="500"><subfield code="a">"The Independent Weekly Student Newspaper Covering the University of Florida."</subfield></datafield><datafield ind1=" " ind2=" " tag="500"><subfield code="a">"The Independent Twice Weekly Student Newspaper Covering the University of Florida."</subfield></datafield><datafield ind1=" " ind2=" " tag="500"><subfield code="a">"Not officially associated with the University of Florida."</subfield></datafield><datafield ind1=" " ind2=" " tag="515"><subfield code="a">Issue for May 24- May 30 2000 unnumbered and called "2000 New student preview" but corresponds to vol. 1, issue 36.</subfield></datafield><datafield ind1=" " ind2=" " tag="588"><subfield code="a">Latest issue consulted: Vol. 5, issue 18 (Mar. 18-20, 2002).</subfield></datafield><datafield ind1="2" ind2="0" tag="610"><subfield code="a">University of Florida</subfield><subfield code="x">Students</subfield><subfield code="v">Newspapers.</subfield></datafield><datafield ind1=" " ind2="0" tag="651"><subfield code="a">Gainesville (Fla.)</subfield><subfield code="v">Newspapers.</subfield></datafield><datafield ind1=" " ind2="0" tag="651"><subfield code="a">Alachua County (Fla.)</subfield><subfield code="v">Newspapers.</subfield></datafield><datafield ind1=" " ind2="7" tag="655"><subfield code="a">Newspapers.</subfield><subfield code="2">fast</subfield><subfield code="0">(OCoLC)fst01423814</subfield></datafield><datafield ind1="2" ind2="7" tag="610"><subfield code="a">University of Florida.</subfield><subfield code="2">fast</subfield><subfield code="0">(OCoLC)fst00532963</subfield></datafield><datafield ind1=" " ind2="7" tag="650"><subfield code="a">Students.</subfield><subfield code="2">fast</subfield><subfield code="0">(OCoLC)fst01136041</subfield></datafield><datafield ind1=" " ind2="7" tag="651"><subfield code="a">Florida</subfield><subfield code="z">Alachua County.</subfield><subfield code="2">fast</subfield><subfield code="0">(OCoLC)fst01214687</subfield></datafield><datafield ind1=" " ind2="7" tag="651"><subfield code="a">Florida</subfield><subfield code="z">Gainesville.</subfield><subfield code="2">fast</subfield><subfield code="0">(OCoLC)fst01207243</subfield></datafield><datafield ind1=" " ind2=" " tag="752"><subfield code="a">United States</subfield><subfield code="b">Florida</subfield><subfield code="c">Alachua</subfield><subfield code="d">Gainesville.</subfield></datafield><datafield ind1="0" ind2="0" tag="780"><subfield code="t">Orange and blue newspaper</subfield><subfield code="w">(DLC)sn 00063008</subfield><subfield code="w">(OCoLC)43754239</subfield></datafield><datafield ind1="4" ind2="1" tag="856"><subfield code="u">http://www.gatortimes.com/index.shtml</subfield></datafield></record>